<record><leader>00000cas a2200000 a 4500</leader><controlfield tag="001">12496713</controlfield><controlfield tag="008">850906d18851887ksuwr ne      0    0eng d</controlfield><datafield ind1=" " ind2=" " tag="010"><subfield code="a">sn 85029580 </subfield></datafield><datafield ind1=" " ind2=" " tag="040"><subfield code="a">KSH</subfield><subfield code="b">eng</subfield><subfield code="c">KSH</subfield><subfield code="d">NPT</subfield><subfield code="d">OCL</subfield><subfield code="d">OCLCQ</subfield></datafield><datafield ind1=" " ind2=" " tag="042"><subfield code="a">msc</subfield></datafield><datafield ind1="0" ind2="0" tag="245"><subfield code="a">Webster eagle.</subfield></datafield><datafield ind1=" " ind2=" " tag="260"><subfield code="a">Webster, Kan. :</subfield><subfield code="b">Hugh K. Lightfoot,</subfield><subfield code="c">1885-1887.</subfield></datafield><datafield ind1=" " ind2=" " tag="300"><subfield code="a">3 v. :</subfield><subfield code="b">ill. ;</subfield><subfield code="c">54 cm.</subfield></datafield><datafield ind1=" " ind2=" " tag="310"><subfield code="a">Weekly</subfield></datafield><datafield ind1="0" ind2=" " tag="362"><subfield code="a">Vol. 1, no. 1 (Sept. 4, 1885)-v. 3, no. 8 (Nov. 5, 1887).</subfield></datafield><datafield ind1=" " ind2=" " tag="500"><subfield code="a">Published by Martin H. Hoyt, July 23, 1886-</subfield></datafield><datafield ind1=" " ind2=" " tag="500"><subfield code="a">"Republican," July 23, 1886-Nov. 5, 1887.</subfield></datafield><datafield ind1=" " ind2=" " tag="752"><subfield code="a">United States</subfield><subfield code="b">Kansas</subfield><subfield code="c">Rooks</subfield><subfield code="d">Webster.</subfield></datafield><datafield ind1="0" ind2="0" tag="785"><subfield code="t">Stockton eagle</subfield><subfield code="w">(DLC)sn 85029587</subfield></datafield><datafield ind1="1" ind2=" " tag="029"><subfield code="a">AU@</subfield><subfield code="b">000022171867</subfield></datafield></record>